@online{Bildquelle,
  author = {A.Eberle},
  title = {Wesense Messger√§t},
  year = {2017},
  timestamp = {29.12.2017},
  url = {http://www.wesense-app.com/wp-content/uploads/verpackung-2.png}
}