@article{ahu61,
   author={Arrow, Kenneth J. and Leonid Hurwicz and Hirofumi Uzawa},
   title={Constraint qualifications in maximization problems},
   journal={Naval Research Logistics Quarterly},
   volume={8},
   year=1961,
   pages={175-191}
}
@article{EinführunginNN,
   author={Florian Wenzel},
   title={Einführung in Neuronale Netze},
   journal={Neurorobotik, Institut fur Informatik, Humboldt-Universit¨at zu Berlin},
   year=2012
}
@book{HandsOnML,
    title = {Hands-on machine learning with Scikit-Learn and TensorFlow : concepts, tools, and techniques to build intelligent systems},
    author = {Géron, Aurélien [VerfasserIn]},
    address = {Beijing},
    publisher = {OReilly},
    year = {March 2017},
    edition = {First edition},
    isbn = {978-1-491-96229-9},
    size = {xx, 545 Seiten : Illustrationen, Diagramme},
    keywords = { ; Machine learning / Artificial intelligence ; Künstliche Intelligenz / Maschinelles Lernen / Programmbibliothek / Python <Programmiersprache>},
    bestand = {Hochschule für Technik und Wirtschaft des Saarlandes, <Sa 16/1> [Signatur: 7.0.3. Ger];
    Universität Konstanz, Kommunikations-, Informations-, Medienzentrum (KIM) <352>;
    Universität Mannheim, Universitätsbibliothek <180> [Signatur: 2018 A 0176];
    Universität Heidelberg, Physikalisches Institut <16/121> [Signatur: bestellt];
    Karlsruher Institut für Technologie (KIT) - KIT-Bibliothek <90> [Signatur: 2017 A 1949];
    KIT, Campus Süd, Institut für Industrielle Informationstechnik <90/159>;
    KIT, Campus Süd, Bibliothek der Fakultät für Informatik <90/148> [Signatur: 2018 9];
    Universität Stuttgart, Institut für Theoretische Chemie <93/140> [Signatur: C 195];
    Badische Landesbibliothek <31>;
    Universitätsbibliothek Chemnitz <Ch 1> [Signatur: $BCh];
    Kommunikations- u. Informationszentrum Universität Ulm (kiz) <289> [Signatur: QAA 705/2017 G];
    Universität Hohenheim, Institut für Interorganisational <100/580> [Signatur: GER 001];
    Hochschulbibliothek Reutlingen <Rt 2> [Signatur: I 5-900-271];
    Pädagogische Hochschule Weingarten, Hochschulbibliothek <747> [Signatur: ST 300 G377 H2];
    Hochschulbibliothek Heilbronn <840> [Signatur: 621.841 GER];
    Hochschule Mannheim, Hochschulbibliothek <953> [Signatur: ST 300 43];
    Hochschule Furtwangen, Bibliothek Campus Tuttlingen <Fn 1/TUT>;
    Hochschule Albstadt-Sigmaringen, Bibliothek Albstadt <991a> [Signatur: InKi 95];
    Helmholtz-Zentrum Dresden - Rossendorf e. V. <D120>;
    Hochschule Aalen <944> [Signatur: 421 Ger];
    Hochschule Esslingen, Standort Göppingen <972>;
    Bibl.sigel [Signatur: ST 250];
    Zentrum für Wissensmanagement, Bibliothek Lippstadt <1926> [Signatur: ST 300];
    },
}

%images
@online{Bildquelle,
  author = {A.Eberle},
  title = {Wesense Messgerät},
  year = {2017},
  timestamp = {29.12.2017},
  url = {http://www.wesense-app.com/wp-content/uploads/verpackung-2.png}
}